@article{alekhin2017femtosecond,
  title={Femtosecond spin current pulses generated by the nonthermal spin-dependent Seebeck effect and interacting with ferromagnets in spin valves},
  author={Alekhin, Alexandr and Razdolski, Ilya and Ilin, Nikita and Meyburg, Jan P and Diesing, Detlef and Roddatis, Vladimir and Rungger, Ivan and Stamenova, Maria and Sanvito, Stefano and Bovensiepen, Uwe and others},
  journal={Physical review letters},
  volume={119},
  number={1},
  pages={017202},
  year={2017},
  publisher={APS}
}

@article{razdolski2017nanoscale,
  title={Nanoscale interface confinement of ultrafast spin transfer torque driving non-uniform spin dynamics},
  author={Razdolski, Ilya and Alekhin, Alexandr and Ilin, Nikita and Meyburg, Jan P and Roddatis, Vladimir and Diesing, Detlef and Bovensiepen, Uwe and Melnikov, Alexey},
  journal={Nature communications},
  volume={8},
  pages={15007},
  year={2017},
  publisher={Nature Publishing Group}
}

@article{carpene2010ultrafast,
  title={Ultrafast three-dimensional magnetization precession and magnetic anisotropy of a photoexcited thin film of iron},
  author={Carpene, E and Mancini, E and Dazzi, D and Dallera, C and Puppin, E and De Silvestri, S},
  journal={Physical Review B},
  volume={81},
  number={6},
  pages={060415},
  year={2010},
  publisher={APS}
}

@article{januvsonis2016ultrafast,
  title={Ultrafast magnetoelastic probing of surface acoustic transients},
  author={Janu{\v{s}}onis, J and Chang, Chia-Lin and Jansma, T and Gatilova, A and Vlasov, VS and Lomonosov, AM and Temnov, VV and Tobey, RI},
  journal={Physical Review B},
  volume={94},
  number={2},
  pages={024415},
  year={2016},
  publisher={APS}
}

@article{chang2017parametric,
  title={Parametric frequency mixing in a magnetoelastically driven linear ferromagnetic-resonance oscillator},
  author={Chang, CL and Lomonosov, AM and Janusonis, J and Vlasov, VS and Temnov, VV and Tobey, RI},
  journal={Physical Review B},
  volume={95},
  number={6},
  pages={060409},
  year={2017},
  publisher={APS}
}

@article{nvemec2012experimental,
  title={Experimental observation of the optical spin transfer torque},
  author={N{\v{e}}mec, P and Rozkotov{\'a}, E and Tesa{\v{r}}ov{\'a}, N and Troj{\'a}nek, F and De Ranieri, E and Olejn{\'\i}k, K and Zemen, J and Nov{\'a}k, V and Cukr, M and Mal{\`y}, P and others},
  journal={Nature physics},
  volume={8},
  number={5},
  pages={411},
  year={2012},
  publisher={Nature Publishing Group}
}

@article{bombeck2012excitation,
  title={Excitation of spin waves in ferromagnetic (Ga, Mn) As layers by picosecond strain pulses},
  author={Bombeck, M and Salasyuk, AS and Glavin, BA and Scherbakov, AV and Br{\"u}ggemann, C and Yakovlev, DR and Sapega, VF and Liu, X and Furdyna, JK and Akimov, AV and others},
  journal={Physical Review B},
  volume={85},
  number={19},
  pages={195324},
  year={2012},
  publisher={APS}
}

@article{kim2017magnetization,
  title={Magnetization precession induced by picosecond acoustic pulses in a freestanding film acting as an acoustic cavity},
  author={Kim, Ji-Wan and Bigot, Jean-Yves},
  journal={Physical Review B},
  volume={95},
  number={14},
  pages={144422},
  year={2017},
  publisher={APS}
}

@article{kim2015controlling,
  title={Controlling the spins angular momentum in ferromagnets with sequences of picosecond acoustic pulses},
  author={Kim, Ji-Wan and Vomir, Mircea and Bigot, Jean-Yves},
  journal={Scientific reports},
  volume={5},
  year={2015},
  publisher={Nature Publishing Group}
}

@article{beaurepaire1996ultrafast,
  title={Ultrafast spin dynamics in ferromagnetic nickel},
  author={Beaurepaire, E and Merle, J-C and Daunois, A and Bigot, J-Y},
  journal={Physical review letters},
  volume={76},
  number={22},
  pages={4250},
  year={1996},
  publisher={APS}
}

@article{koopmans2000ultrafast,
  title={Ultrafast magneto-optics in nickel: magnetism or optics?},
  author={Koopmans, B and Van Kampen, M and Kohlhepp, JT and De Jonge, WJM},
  journal={Physical Review Letters},
  volume={85},
  number={4},
  pages={844},
  year={2000},
  publisher={APS}
}

@article{van2002all,
  title={All-optical probe of coherent spin waves},
  author={Van Kampen, M and Jozsa, C and Kohlhepp, JT and LeClair, P and Lagae, Lieven and De Jonge, WJM and Koopmans, B},
  journal={Physical review letters},
  volume={88},
  number={22},
  pages={227201},
  year={2002},
  publisher={APS}
}

@article{guidoni2002magneto,
  title={Magneto-optics in the ultrafast regime: Thermalization of spin populations in ferromagnetic films},
  author={Guidoni, Luca and Beaurepaire, Eric and Bigot, Jean-Yves},
  journal={Physical review letters},
  volume={89},
  number={1},
  pages={017401},
  year={2002},
  publisher={APS}
}

@article{vomir2005real,
  title={Real space trajectory of the ultrafast magnetization dynamics in ferromagnetic metals},
  author={Vomir, M and Andrade, LHF and Guidoni, L and Beaurepaire, E and Bigot, J-Y},
  journal={Physical review letters},
  volume={94},
  number={23},
  pages={237601},
  year={2005},
  publisher={APS}
}

@article{bigot2005ultrafast,
  title={Ultrafast magnetization dynamics in ferromagnetic cobalt: The role of the anisotropy},
  author={Bigot, J-Y and Vomir, M and Andrade, LHF and Beaurepaire, E},
  journal={Chemical physics},
  volume={318},
  number={1},
  pages={137--146},
  year={2005},
  publisher={Elsevier}
}

@article{kimel2005ultrafast,
  title={Ultrafast non-thermal control of magnetization by instantaneous photomagnetic pulses},
  author={Kimel, AV and Kirilyuk, A and Usachev, PA and Pisarev, RV and others},
  journal={Nature},
  volume={435},
  number={7042},
  pages={655},
  year={2005},
  publisher={Nature Publishing Group}
}

@article{malinowski2008control,
  title={Control of speed and efficiency of ultrafast demagnetization by direct transfer of spin angular momentum},
  author={Malinowski, G and Dalla Longa, F and Rietjens, JHH and Paluskar, PV and Huijink, R and Swagten, HJM and Koopmans, B},
  journal={Nature Physics},
  volume={4},
  number={11},
  pages={855},
  year={2008},
  publisher={Nature Publishing Group}
}

@article{bigot2009coherent,
  title={Coherent ultrafast magnetism induced by femtosecond laser pulses},
  author={Bigot, Jean-Yves and Vomir, Mircea and Beaurepaire, Eric},
  journal={Nature Physics},
  volume={5},
  number={7},
  pages={515},
  year={2009},
  publisher={Nature Publishing Group}
}

@article{radu2009laser,
  title={Laser-induced magnetization dynamics of lanthanide-doped permalloy thin films},
  author={Radu, I and Woltersdorf, Georg and Kiessling, M and Melnikov, A and Bovensiepen, U and Thiele, J-U and Back, Christian H},
  journal={Physical review letters},
  volume={102},
  number={11},
  pages={117201},
  year={2009},
  publisher={APS}
}

@article{boeglin2010distinguishing,
  title={Distinguishing the ultrafast dynamics of spin and orbital moments in solids},
  author={Boeglin, Christine and Beaurepaire, E and Halt{\'e}, V and L{\'o}pez-Flores, V and Stamm, C and Pontius, N and D{\"u}rr, HA and Bigot, JY},
  journal={Nature},
  volume={465},
  number={7297},
  pages={458},
  year={2010},
  publisher={Nature Publishing Group}
}

@article{radu2011transient,
  title={Transient ferromagnetic-like state mediating ultrafast reversal of antiferromagnetically coupled spins},
  author={Radu, I and Vahaplar, K and Stamm, C and Kachel, T and Pontius, N and D{\"u}rr, HA and Ostler, TA and Barker, J and Evans, RFL and Chantrell, RW and others},
  journal={Nature},
  volume={472},
  number={7342},
  pages={205},
  year={2011},
  publisher={Nature Publishing Group}
}

@article{rudolf2012ultrafast,
  title={Ultrafast magnetization enhancement in metallic multilayers driven by superdiffusive spin current},
  author={Rudolf, Dennis and Chan, La-O and Battiato, Marco and Adam, Roman and Shaw, Justin M and Turgut, Emrah and Maldonado, Pablo and Mathias, Stefan and Grychtol, Patrik and Nembach, Hans T and others},
  journal={Nature communications},
  volume={3},
  pages={1037},
  year={2012},
  publisher={Nature Publishing Group}
}

@article{zhang2002coherent,
  title={Coherent Magnetization Rotation and Phase Control by Ultrashort Optical Pulses in C r O 2 Thin Films},
  author={Zhang, Qiang and Nurmikko, AV and Anguelouch, A and Xiao, Gang and Gupta, A},
  journal={Physical review letters},
  volume={89},
  number={17},
  pages={177402},
  year={2002},
  publisher={APS}
}

@article{kim2012ultrafast,
  title={Ultrafast magnetoacoustics in nickel films},
  author={Kim, Ji-Wan and Vomir, Mircea and Bigot, Jean-Yves},
  journal={Physical review letters},
  volume={109},
  number={16},
  pages={166601},
  year={2012},
  publisher={APS}
}

@article{bombeck2013magnetization,
  title={Magnetization precession induced by quasitransverse picosecond strain pulses in (311) ferromagnetic (Ga, Mn) As},
  author={Bombeck, M and J{\"a}ger, JV and Scherbakov, AV and Linnik, T and Yakovlev, DR and Liu, X and Furdyna, JK and Akimov, AV and Bayer, M},
  journal={Physical Review B},
  volume={87},
  number={6},
  pages={060302},
  year={2013},
  publisher={APS}
}

@article{kirilyuk2010ultrafast,
  title={Ultrafast optical manipulation of magnetic order},
  author={Kirilyuk, Andrei and Kimel, Alexey V and Rasing, Theo},
  journal={Reviews of Modern Physics},
  volume={82},
  number={3},
  pages={2731},
  year={2010},
  publisher={APS}
}

@article{temnov2012ultrafast,
  title={Ultrafast acousto-magneto-plasmonics},
  author={Temnov, Vasily V},
  journal={Nature Photonics},
  volume={6},
  number={11},
  pages={728--736},
  year={2012},
  publisher={Nature Research}
}

@book{gurevich1996magnetization,
  title={Magnetization oscillations and waves},
  author={Gurevich, Alexander G and Melkov, Gennadii A},
  year={1996},
  publisher={CRC press}
}

@article{smit1955ferromagnetic,
  title={Ferromagnetic resonance absorption in BaFe\_< 12> O\_< 19>, a highly anisotropic crystal},
  author={Smit, J},
  journal={Philips Res. Rep.},
  volume={10},
  pages={113--130},
  year={1955}
}

@article{suhl1955ferromagnetic,
  title={Ferromagnetic resonance in nickel ferrite between one and two kilomegacycles},
  author={Suhl, H},
  journal={Physical Review},
  volume={97},
  number={2},
  pages={555},
  year={1955},
  publisher={APS}
}

@article{bovensiepen2009femtomagnetism,
  title={Femtomagnetism: Magnetism in step with light},
  author={Bovensiepen, Uwe},
  journal={Nature Physics},
  volume={5},
  number={7},
  pages={461},
  year={2009},
  publisher={Nature Publishing Group}
}