@article{kim2017magnetization,
  title={Magnetization precession induced by picosecond acoustic pulses in a freestanding film acting as an acoustic cavity},
  author={Kim, Ji-Wan and Bigot, Jean-Yves},
  journal={Physical Review B},
  volume={95},
  number={14},
  pages={144422},
  year={2017},
  publisher={APS}
}

@article{kim2015controlling,
  title={Controlling the spins angular momentum in ferromagnets with sequences of picosecond acoustic pulses},
  author={Kim, Ji-Wan and Vomir, Mircea and Bigot, Jean-Yves},
  journal={Scientific reports},
  volume={5},
  year={2015},
  publisher={Nature Publishing Group}
}

@book{gurevich1996magnetization,
  title={Magnetization oscillations and waves},
  author={Gurevich, Alexander G and Melkov, Gennadii A},
  year={1996},
  publisher={CRC press}
}

@article{o2009algorithm,
  title={Algorithm for writing a scientific manuscript},
  author={O'Connor, Timothy R and Holmquist, Gerald P},
  journal={Biochemistry and Molecular Biology Education},
  volume={37},
  number={6},
  pages={344--348},
  year={2009},
  publisher={Wiley Online Library}
}

@article{alekhin2017femtosecond,
  title={Femtosecond spin current pulses generated by the nonthermal spin-dependent Seebeck effect and interacting with ferromagnets in spin valves},
  author={Alekhin, Alexandr and Razdolski, Ilya and Ilin, Nikita and Meyburg, Jan P and Diesing, Detlef and Roddatis, Vladimir and Rungger, Ivan and Stamenova, Maria and Sanvito, Stefano and Bovensiepen, Uwe and others},
  journal={Physical Review Letters},
  volume={119},
  number={1},
  pages={017202},
  year={2017},
  publisher={APS}
}

@article{razdolski2017nanoscale,
  title={Nanoscale interface confinement of ultrafast spin transfer torque driving non-uniform spin dynamics},
  author={Razdolski, Ilya and Alekhin, Alexandr and Ilin, Nikita and Meyburg, Jan P and Roddatis, Vladimir and Diesing, Detlef and Bovensiepen, Uwe and Melnikov, Alexey},
  journal={Nature Communications},
  volume={8},
  year={2017},
  publisher={Nature Publishing Group}
}